@misc{gobra,
  title = {Gobra},
  howpublished = {\url{https://www.pm.inf.ethz.ch/research/gobra.html}},
  note = {Accessed: August 4, 2021}
}