@misc{macros,
  title = {Scala Docs - Macro Annotations},
  howpublished = {\url{https://docs.scala-lang.org/overviews/macros/annotations.html}},
  note = {Accessed: July 29, 2021}
}