@inbook{nagini,
author = {Eilers, Marco and MÃ¼ller, Peter},
year = {2018},
month = {07},
pages = {596-603},
title = {Nagini: A Static Verifier for Python: 30th International Conference, CAV 2018, Held as Part of the Federated Logic Conference, FloC 2018, Oxford, UK, July 14-17, 2018, Proceedings, Part I},
isbn = {978-3-319-96144-6},
doi = {10.1007/978-3-319-96145-3_33}
}