@misc{prusti,
  title = {Prusti},
  howpublished = {\url{https://www.pm.inf.ethz.ch/research/prusti.html}},
  note = {Accessed: August 4, 2021}
}