@misc{vercors,
  title = {VerCors},
  howpublished = {\url{https://vercors.ewi.utwente.nl/}},
  note = {Accessed: August 4, 2021}
}