@INBOOK{viper,
	isbn = {978-1-61499-809-9},
	doi = {10.3233/978-1-61499-810-5-104},
	year = {2017},
	booktitle = {Dependable Software Systems Engineering},
	volume = {50},
	editor = {Pretschner, Alexander and Peled, Doron and Hutzelmann, Thomas},
	author = {MÃ¼ller, Peter and Schwerhoff, Malte and Summers, Alexander J.},
	journal = {NATO Science for Peace and Security Series - D: Information and Communication Security},
	keywords = {program verification; separation logic; verification tools; intermediate language},
	language = {en},
	address = {Amsterdam},
	publisher = {IOS Press BV},
	title = {Viper: A verification infrastructure for permission-based reasoning},
	PAGES = {104 - 125}
}