@misc{caffeine,
  title = {Caffeine GitHub Repository},
  howpublished = {\url{https://github.com/ben-manes/caffeine}},
  note = {Accessed: July 22, 2021},
  author = {Ben Manes}
}