@misc{intellij,
  title = {IntelliJ API to Build Scala Macros Support},
  howpublished = {\url{https://blog.jetbrains.com/scala/2015/10/14/intellij-api-to-build-scala-macros-support/}},
  note = {Accessed: March 3, 2021}
}