 @inproceedings{prusti,
 title = {Leveraging {R}ust Types for Modular Specification and Verification},
 author = {V. Astrauskas and P. M\"uller and F. Poli and A. J. Summers},
 booktitle = {Object-Oriented Programming Systems, Languages, and Applications (OOPSLA)},
 journal = {Proc. ACM Program. Lang.},
 issue_date = {October 2019},
 volume = {3},
 number = {OOPSLA},
 year = {2019},
 pages = {147:1--147:30},
 doi = {10.1145/3360573},
 publisher = {ACM}
}
 