@inproceedings{smallfoot,
author = {Berdine, Josh and Calcagno, Cristiano and O'Hearn, Peter},
year = {2005},
month = {11},
pages = {115-137},
title = {Modular Automatic Assertion Checking with Separation Logic},
volume = {4111},
isbn = {978-3-540-36749-9},
journal = {FMCO},
doi = {10.1007/11804192_6}
}