@misc{vyper,
  title = {Vyper},
  howpublished = {\url{https://github.com/viperproject/2vyper}},
  note = {Accessed: August 4, 2021}
}