@misc{z3,
  title = {Z3 Theorem Prover},
  howpublished = {\url{https://github.com/Z3Prover/z3}},
  note = {Accessed: August 26, 2021},
  author = {Microsoft Research}
}