@inproceedings{gobra,
  author    = {Felix A. Wolf and
               Linard Arquint and
               Martin Clochard and
               Wytse Oortwijn and
               Jo{\~{a}}o C. Pereira and
               Peter M{\"{u}}ller},
  editor    = {Alexandra Silva and
               K. Rustan M. Leino},
  title     = {Gobra: Modular Specification and Verification of Go Programs},
  booktitle = {Computer Aided Verification - 33rd International Conference, {CAV}
               2021, Virtual Event, July 20-23, 2021, Proceedings, Part {I}},
  series    = {Lecture Notes in Computer Science},
  volume    = {12759},
  pages     = {367--379},
  publisher = {Springer},
  year      = {2021},
  url       = {https://doi.org/10.1007/978-3-030-81685-8\_17},
  doi       = {10.1007/978-3-030-81685-8\_17},
  timestamp = {Thu, 12 Aug 2021 17:51:20 +0200},
  biburl    = {https://dblp.org/rec/conf/cav/WolfACOPM21.bib},
  bibsource = {dblp computer science bibliography, https://dblp.org}
}