@BOOK{patterns,
	year = {2016},
	author = {Gamma, Erich and Helm, Richard and Johnson, Ralph and Vlissides, John},
	language = {en},
	isbn = {978-0201633610},
	title = {Design Patterns: Elements of Reusable Object-Oriented Software}
}