@article{silicon,
    author = "Malte Schwerhoff",
    title = "Advancing Automated, Permission-Based Program Verification Using Symbolic Execution",
    publisher = "ETH ZÃ¼rich",
    year = "2016"
}