@article{viper,
    author = {MÃ¼ller, Peter and Schwerhoff, Malte and Summers, Alexander},
    year = {2016},
    title = {Viper: A Verification Infrastructure for Permission-Based Reasoning},
    isbn = {978-3-662-49121-8},
    doi = {10.1007/978-3-662-49122-5_2}
}